@misc{
	CodeTutorial,
	title = {Matlab Code Tutorial},
	author = {drselim},
	howpublished = {\url{https://www.youtube.com/watch?v=Hw56UmOrJlE}},
	note = {Accessed: 3/11/22}
}
@misc{
	equation,
	title = {Fourier Series},
	howpublished = {\url{https://mathworld.wolfram.com/FourierSeries.htm}},
	note = {Accessed: 12/11/22}
}
@misc{
	FourierSeries,
	title = {Even Odd Functions-Fourier Series},
	howpublished = {\url{https://www.intmath.com/fourier-series/3-fourier-even-odd-functions.php}},
	note = {Accessed: 8/12/22}
}
@misc{
	LowPass,
	title = {Lowpass Filtering},
	howpublished = {\url{https://www.dspguide.com/ch6/2.htm}},
	note = {Accessed: 4/12/22}
}
@misc{
	Bandpass,
	title = {Bandpass Filtering},
	howpublished = {\url{https://www.dspguide.com/ch6/2.htm}},
	note = {Accessed: 5/12/22}
}
@misc{
	AnalogueFilters,
	title = {Analogue Filtering},
	howpublished = {\url{https://www.elprocus.com/types-of-analog-filters/}},
	note = {Accessed: 3/12/22}
}
@misc{
	EE213,
	title = {Chapter 09-Circuit Analysis and Analogue Filters},
	note = {Accessed: 13/12/22}
}
@misc{
	SignalSuppression,
	title = {Signal Suppression},
	howpublished = {\url{https://training.dewesoft.com/online/course/filters}},
	note = {Accessed: 1/12/22}
}
@misc{
	AudioFiles,
	title = {How Chords Work},
	howpublished = {\url{https://www.sweetwater.com/insync/how-chords-work-with-sound-samples/}},
	note = {Accessed: 16/11/22}
}
@misc{
	Resample,
	title = {Mathworks - Resample},
	howpublished = {\url{https://uk.mathworks.com/help/signal/ref/resample.html#description}},
	note = {Accessed: 16/11/22}
}
@misc{
	NoteReference,
	title = {Physics of Music - Notes},
	howpublished = {\url{https://pages.mtu.edu/~suits/notefreqs.html}},
	note = {Accessed: 2/12/22}
}
@misc{
	SamplingInterval,
	title = {Stack Exchange - What is Frequency Resolution},
	howpublished = {\url{https://dsp.stackexchange.com/questions/55226/what-is-frequency-resolution}},
	note = {Accessed: 1/12/22}
}
@misc{
	PowerSpectrum,
	title = {Mathworks - Power magnitude in FFT},
	howpublished = {\url{https://uk.mathworks.com/matlabcentral/answers/44818-what-is-the-power-magnitude-in-fft}},
	note = {Accessed: 8/11/22}
}
@misc{
	ESA,
	title = {European Space Agency},
	howpublished = {\url{https://www.esa.int/}},
	note = {Accessed: 7/10/22}
}
@misc{
	Chebyshev,
	title = {Chebyshev filter explained},
	howpublished = {\url{https://everything.explained.today/Chebyshev_filter/}},
	note = {Accessed: 2/12/22}
}
@misc{
	Digital_Filtering,
	title = {Digital filters explained},
	howpublished = {\url{https://everything.explained.today/Digital_filter/}},
	note = {Accessed: 1/11/22}
}
@misc{
	FIR,
	title = {FIR filter design by windowing},
	howpublished = {\url{https://www.allaboutcircuits.com/technical-articles/finite-impulse-response-filter-design-by-windowing-part-i-concepts-and-rect/}},
	note = {Accessed: 4/11/2022}
}
@misc{
	IIR,
	title = {what is an IIR filter?},
	howpublished = {\url{https://technobyte.org/infinite-impulse-response-filter-iir/}},
	note = {Accessed: 4/11/2022}
}
@misc{
	ACDC,
	title = {AC to DC Converters},
	howpublished = {\url{https://how2electronics.com/}},
	note = {Accessed: 4/11/2022}
}
@misc{
	DCAC,
	title = {DC to AC Power Converter},
	howpublished = {\url{https://www.bluettipower.com/blogs/news/dc-to-ac-power-converter-understanding-how-it-works}},
	note = {Accessed: 4/11/2022}
}
@misc{
	DCDC,
	title = {DC to DC Converter. How does it work?},
	howpublished = {\url{https://www.vyrian.com/what-is-a-dc-to-dc-converter-and-how-does-it-work-explained/}},
	note = {Accessed: 4/11/2022}
}
@misc{
	CLIPPING,
	author = {What is clipping?},
	title = {},
	howpublished = {\url{https://mackie.com/en/blog/all/what_clipping.html}},
	note = {Accessed: 4/11/2022}
}
@misc{
	COMB_2,
	author = {I. Stewart},
	title = {What is comb filtering},
	howpublished = {\url{https://www.izotope.com/en/learn/what-is-comb-filtering.html}},
	note = {Accessed: 14/11/2022}
}
@misc{
	COMB,
	author = {I. Stewart},
	title = {Comb Filters and Delays},
	howpublished = {\url{https://digitalsoundandmusic.com/7-3-7-comb-filters-and-delays/}},
	note = {Accessed: 14/11/2022}
}

